@Manual{R,
  title = {R: A Language and Environment for Statistical Computing},
  author = {{R Core Team}},
  organization = {R Foundation for Statistical Computing},
  address = {Vienna, Austria},
  year = {2012},
  note = {{ISBN} 3-900051-07-0},
  url = {http://www.R-project.org/},
}

@Manual{sugarbag,
  title = {sugarbag: Create Tessellated Hexagon Maps},
  author = {Stephanie Kobakian and Dianne Cook},
  year = {2019},
  note = {R package version 0.1.0},
  url = {https://CRAN.R-project.org/package=sugarbag},
}

@Manual{sf,
  title = {sf: Simple Features for R},
  author = {Edzer Pebesma},
  year = {2019},
  note = {R package version 0.7-7},
  url = {https://CRAN.R-project.org/package=sf},
}

@article{R,
  Author = {Ihaka, Ross and Gentleman, Robert},
	Journal = {Journal of Computational and Graphical Statistics},
	Number = 3,
	Pages = {299--314},
	Title = {R: A Language for Data Analysis and Graphics},
	Volume = 5,
	Year = 1996}

@article{SAMGIS,
    author = {Moore, Dale A. and Carpenter, Tim E.},
    title = "{Spatial Analytical Methods and Geographic Information Systems: Use in Health Research and Epidemiology}",
    journal = {Epidemiologic Reviews},
    volume = {21},
    number = {2},
    pages = {143-161},
    year = {1999},
    month = {07},
    issn = {1478-6729},
    doi = {10.1093/oxfordjournals.epirev.a017993},
    url = {https://doi.org/10.1093/oxfordjournals.epirev.a017993},
    eprint = {http://oup.prod.sis.lan/epirev/article-pdf/21/2/143/6727658/21-2-143.pdf},
}

@book{EI,
  title = {Envisioning Information},
  author = {Tufte, Edward R.},
  year = {1990},
  publisher={Graphics Press}
}